<record xmlns:xsi="http://www.w3.org/2001/XMLSchema-instance" xmlns="http://www.loc.gov/MARC21/slim" xsi:schemaLocation="http://www.loc.gov/MARC21/slim http://www.loc.gov/standards/marcxml/schema/MARC21slim.xsd">

  <leader>00631nam a2200181Ia 4500</leader>
  <controlfield tag="008">161020b1998    mx ||||| |||| 00| 0 spa d</controlfield>
  <datafield tag="020" ind1=" " ind2=" ">
    <subfield code="a">9688566098</subfield>
  </datafield>
  <datafield ind2=" " tag="090" ind1=" ">
    <subfield code="a">06.02.01 </subfield>
    <subfield code="b">2046</subfield>
  </datafield>
  <datafield ind2=" " tag="100" ind1="1">
    <subfield code="a">Piña Osorio, Juan Manuel</subfield>
    <subfield code="9">2109</subfield>
  </datafield>
  <datafield ind2="3" ind1="1" tag="245">
    <subfield code="a">La interpretación de la vida cotidiana escolar: tradiciones y prácticas académicas / </subfield>
    <subfield code="c">Juan Manuel Piña Osorio</subfield>
  </datafield>
  <datafield ind1=" " tag="250" ind2=" ">
    <subfield code="a">Reimpresión de 2002</subfield>
  </datafield>
  <datafield ind1=" " tag="260" ind2=" ">
    <subfield code="a">México : </subfield>
    <subfield code="b">Universidad Nacional Autónoma de México; Plaza y Valdés, </subfield>
    <subfield code="c">1998</subfield>
  </datafield>
  <datafield tag="300" ind1=" " ind2=" ">
    <subfield code="a">238 páginas</subfield>
  </datafield>
  <datafield ind1="1" tag="650" ind2="4">
    <subfield code="a">EDUCACIÓN</subfield>
    <subfield code="9">1</subfield>
  </datafield>
  <datafield tag="650" ind1="1" ind2="4">
    <subfield code="a">VIDA COTIDIANA</subfield>
    <subfield code="9">597</subfield>
  </datafield>
  <datafield ind2="4" ind1="1" tag="650">
    <subfield code="a">ASPECTOS SOCIALES </subfield>
    <subfield code="9">576</subfield>
  </datafield>
  <datafield ind2=" " tag="942" ind1=" ">
    <subfield code="2">z</subfield>
    <subfield code="c">01</subfield>
  </datafield>
  <datafield tag="999" ind1=" " ind2=" ">
    <subfield code="c">433</subfield>
    <subfield code="d">433</subfield>
  </datafield>
</record>